@online{ourworldindata2024,
  author = {Edouard Mathieu},
  title = {The number of identified exoplanets has dramatically increased thanks to the "transit method"},
  year = {2024},
  url = {https://ourworldindata.org},
  note = {Accessed: 2024-12-06}
}
@article{meanmotionresonance,
    author = {Ketchum, Jacob and Adams, Fred C. and Bloch, Anthony M.},
    title = {Mean Motion Resonances in Exoplanet Systems: An Investigation into Nodding Behavior},
    journal = {The Astrophysical Journal} ,
    year = {2012},
    doi = {10.1088/0004-637X/762/2/71},
    url = {https://iopscience.iop.org/article/10.1088/0004-637X/762/2/71#:~:text=The%20overarching%20goal%20is%20to%20provide%20a,planets%20in%20transit%20(Agol%20et%20al.%202005)},
    note = {Accessed: 2024-12-06}
}
@online{exoplanetcandidates,
  author = {NASA},
  title = {NASA Exoplanet Archive},
  year = {2024},
  url = {https://exoplanetarchive.ipac.caltech.edu/docs/counts_detail.html},
  note = {Accessed: 2024-12-06}
}
@article{batman,
   title={<tt>batman</tt>: BAsic Transit Model cAlculatioN in Python},
   volume={127},
   ISSN={1538-3873},
   url={http://dx.doi.org/10.1086/683602},
   DOI={10.1086/683602},
   number={957},
   journal={Publications of the Astronomical Society of the Pacific},
   publisher={IOP Publishing},
   author={Kreidberg, Laura},
   year={2015},
   month=nov, pages={1161â€“1165} }

@online{starry,
  author = {Rodrigo Luger},
  title = {Examples & Tutorials: A simple exoplanet system},
  year = {2024},
  url = {https://starry.readthedocs.io/en/latest/notebooks/Exoplanet/},
  note = {Accessed: 2024-12-06}
}